<?xml version="1.0" encoding="UTF-8"?><record xmlns="http://www.loc.gov/MARC21/slim" xmlns:cinclude="http://apache.org/cocoon/include/1.0" xmlns:zs="http://www.loc.gov/zing/srw/">
  <leader>00381cz  a2200121n  4500</leader>
  <controlfield tag="001">n 2003072618</controlfield>
  <controlfield tag="003">DLC</controlfield>
  <controlfield tag="005">20030421141337.0</controlfield>
  <controlfield tag="008">030421n| acannaabn          |n and      </controlfield>
  <datafield tag="010" ind1=" " ind2=" ">
    <subfield code="a">n 2003072618</subfield>
  </datafield>
  <datafield tag="040" ind1=" " ind2=" ">
    <subfield code="a">DLC</subfield>
    <subfield code="b">eng</subfield>
    <subfield code="c">DLC</subfield>
  </datafield>
  <datafield tag="110" ind1="2" ind2=" ">
    <subfield code="a">Smoothe Sylk (Musical group)</subfield>
  </datafield>
  <datafield tag="670" ind1=" " ind2=" ">
    <subfield code="a">Smoothe Sylk (Musical group). Smoothe Sylk, c1994:</subfield>
    <subfield code="b">label (Smoothe Sylk; Calvin "K.B." Bishop and "Pia" Vinson)</subfield>
  </datafield>
</record>